@Misc{petsc-web-page,
author = {Satish Balay and Shrirang Abhyankar and Mark~F. Adams and Jed Brown and Peter Brune
          and Kris Buschelman and Victor Eijkhout and William~D. Gropp
          and Dinesh Kaushik and Matthew~G. Knepley
          and Lois Curfman McInnes and Karl Rupp and Barry~F. Smith
          and Hong Zhang},
title =  {{PETS}c {W}eb page},
url =    {http://www.mcs.anl.gov/petsc},
howpublished = {\url{http://www.mcs.anl.gov/petsc}},
year = {2014}
}

@TechReport{petsc-user-ref,
author = {Satish Balay and Shrirang Abhyankar and Mark~F. Adams and Jed Brown and Peter Brune
          and Kris Buschelman and Victor Eijkhout and William~D. Gropp
          and Dinesh Kaushik and Matthew~G. Knepley
          and Lois Curfman McInnes and Karl Rupp and Barry~F. Smith
          and Hong Zhang},
title  = {{PETS}c Users Manual},
institution = {Argonne National Laboratory},
year   = 2014,
number = {ANL-95/11 - Revision 3.5},
url    = {http://www.mcs.anl.gov/petsc}
}

@InProceedings{petsc-efficient,
Author = "Satish Balay and William D. Gropp and Lois Curfman McInnes and Barry F.  Smith",
Title = "Efficient Management of Parallelism in Object Oriented Numerical Software Libraries",
Booktitle = "Modern Software Tools in Scientific Computing",
Editor = "E. Arge and A. M. Bruaset and H. P. Langtangen",
Pages = "163--202",
Publisher = "Birkh{\"{a}}user Press",
Year = "1997"
}

@Misc{how-to-setup-ssh-keys,
author = {Etel Sverdlov},
title  = {{DigitalOcean} {W}eb page},
url    = {https://www.digitalocean.com/community/tutorials/how-to-set-up-ssh-keys--2}
}
@Misc{mpi-cluster-lan-raspberry,
author = {Southampton},
title  = {{Supercomputer Raspberry} {W}eb page},
url    = {https://www.southampton.ac.uk/~sjc/raspberrypi/pi_supercomputer_southampton_web.pdf}
}
@Misc{mpi-cluster-lan,
author = {Dwaraka Nath},
title  = {{DigitalOcean} {W}eb page},
url    = {http://mpitutorial.com/tutorials/running-an-mpi-cluster-within-a-lan/}
}
@Misc{large-count-problem,
author = {Jeff Hammond, Intel Labs},
title  = {{meetings.mpi-forum} {W}eb page},
url    = {http://meetings.mpi-forum.org/secretary/2014/06/slides/mpi-forum-june-2014-large-count-plenary.pdf}
}

@Misc{big-mpi-library,
author = {Jeff Hammond, Intel Labs},
title  = {{github.com} {W}eb page},
url    = {https://github.com/jeffhammond/BigMPI}
}

@Misc{mpi4,
author = {Jeff Hammond, Intel Labs},
title  = {{meetings.mpi-forum.org} {W}eb page},
url    = {http://meetings.mpi-forum.org/MPI_4.0_main_page.php}
}

@Misc{mpi-count,
author = {Jeff Squyres},
title  = {{http://blogs.cisco.com/author/jeffsquyres} {W}eb page},
url    = {http://blogs.cisco.com/performance/new-things-in-mpi-3-mpi_count}
}
@Misc{new-mpi-3,
author = {Jeff Squyres},
title  = {{http://blogs.cisco.com/author/jeffsquyres} {W}eb page},
url    = {http://blogs.cisco.com/performance/the-new-mpi-3-remote-memory-access-one-sided-interface}
}

@Misc{mpi-large-datasets,
author = {Jeff Squyres},
title  = {{http://blogs.cisco.com/author/jeffsquyres} {W}eb page},
url    = {http://blogs.cisco.com/performance/can-we-count-on-mpi-to-handle-large-datasets}
}


